@misc{utc,
      title={An Efficient Deep Reinforcement Learning Model for Urban Traffic Control}, 
      author={Yilun Lin and Xingyuan Dai and Li Li and Fei-Yue Wang},
      year={2018},
      eprint={1808.01876},
      archivePrefix={arXiv},
      primaryClass={cs.AI}
}

@misc{ppo,
      title={Proximal Policy Optimization Algorithms}, 
      author={John Schulman and Filip Wolski and Prafulla Dhariwal and Alec Radford and Oleg Klimov},
      year={2017},
      eprint={1707.06347},
      archivePrefix={arXiv},
      primaryClass={cs.LG}
}

@inproceedings{sumo,
          title = {Microscopic Traffic Simulation using SUMO},
         author = {Pablo Alvarez Lopez and Michael Behrisch and Laura Bieker-Walz and Jakob Erdmann and Yun-Pang Fl{\"o}tter{\"o}d and Robert Hilbrich and Leonhard L{\"u}cken and Johannes Rummel and Peter Wagner and Evamarie Wie{\ss}ner},
      publisher = {IEEE},
      booktitle = {The 21st IEEE International Conference on Intelligent Transportation Systems},
           year = {2018},
        journal = {IEEE Intelligent Transportation Systems Conference (ITSC)},
       keywords = {traffic simulation, modelling, optimization},
            url = {https://elib.dlr.de/124092/}
}

@misc{gym,
  Author = {Greg Brockman and Vicki Cheung and Ludwig Pettersson and Jonas Schneider and John Schulman and Jie Tang and Wojciech Zaremba},
  Title = {OpenAI Gym},
  Year = {2016},
  Eprint = {arXiv:1606.01540},
}

@inproceedings{rllib,
    Author = {Eric Liang and
              Richard Liaw and
              Robert Nishihara and
              Philipp Moritz and
              Roy Fox and
              Ken Goldberg and
              Joseph E. Gonzalez and
              Michael I. Jordan and
              Ion Stoica},
    Title = {{RLlib}: Abstractions for Distributed Reinforcement Learning},
    Booktitle = {International Conference on Machine Learning ({ICML})},
    Year = {2018}
}